<record><leader>00000cas a22000007a 4500</leader><controlfield tag="001">18265243</controlfield><controlfield tag="008">880725d19311932aluwr ne      0    0eng d</controlfield><controlfield tag="009">5547</controlfield><datafield ind1=" " ind2=" " tag="010"><subfield code="a">sn 88050123 </subfield></datafield><datafield ind1=" " ind2=" " tag="040"><subfield code="a">CPN</subfield><subfield code="b">eng</subfield><subfield code="c">CPN</subfield><subfield code="d">OCLCQ</subfield></datafield><datafield ind1=" " ind2=" " tag="042"><subfield code="a">msc</subfield></datafield><datafield ind1="0" ind2="4" tag="245"><subfield code="a">The Millport messenger.</subfield></datafield><datafield ind1=" " ind2=" " tag="260"><subfield code="a">Millport, Ala. :</subfield><subfield code="b">Denver A. McKenzie,</subfield><subfield code="c">1931-1932.</subfield></datafield><datafield ind1=" " ind2=" " tag="310"><subfield code="a">Weekly</subfield></datafield><datafield ind1="0" ind2=" " tag="362"><subfield code="a">Vol. 1, no. 1 (Aug. 13, 1931)-v. 1, no. 23 (Jan. 21, 1932).</subfield></datafield><datafield ind1=" " ind2=" " tag="752"><subfield code="a">United States</subfield><subfield code="b">Alabama</subfield><subfield code="c">Lamar</subfield><subfield code="d">Millport.</subfield></datafield></record>